<record><leader>00000cas a2200000 a 4500</leader><controlfield tag="001">11364603</controlfield><controlfield tag="008">841108d18861888ksuwr ne      0   a0eng d</controlfield><datafield ind1=" " ind2=" " tag="010"><subfield code="a">sn 84030003 </subfield></datafield><datafield ind1=" " ind2=" " tag="040"><subfield code="a">KSH</subfield><subfield code="b">eng</subfield><subfield code="c">KSH</subfield><subfield code="d">NPT</subfield><subfield code="d">OCL</subfield><subfield code="d">OCLCQ</subfield></datafield><datafield ind1=" " ind2=" " tag="042"><subfield code="a">msc</subfield></datafield><datafield ind1="0" ind2="4" tag="245"><subfield code="a">The Fremont weekly star.</subfield></datafield><datafield ind1="1" ind2="3" tag="246"><subfield code="a">Fremont star</subfield><subfield code="f">Aug. 18, 1887-Feb. 9, 1888</subfield></datafield><datafield ind1=" " ind2=" " tag="260"><subfield code="a">Fremont, Kan. :</subfield><subfield code="b">W.J. Harding,</subfield><subfield code="c">1886-</subfield></datafield><datafield ind1=" " ind2=" " tag="300"><subfield code="a">v. ;</subfield><subfield code="c">38-50 cm.</subfield></datafield><datafield ind1=" " ind2=" " tag="310"><subfield code="a">Weekly</subfield></datafield><datafield ind1="0" ind2=" " tag="362"><subfield code="a">Vol. 1, no. 1 (June 7, 1886)-</subfield></datafield><datafield ind1="1" ind2=" " tag="362"><subfield code="a">Ceased with Feb. 9, 1888 issue?</subfield></datafield><datafield ind1=" " ind2=" " tag="500"><subfield code="a">Published by: Howard C. Tillotson, July 22-Sept. 9, 1886; J.B. Smith, Sept. 16, 1886-Aug. 11, 1887; W.H. Cotton, Aug. 18, 1887-Feb. 9, 1888.</subfield></datafield><datafield ind1=" " ind2=" " tag="500"><subfield code="a">"Republican," Aug. 18, 1887-Feb. 9, 1888.</subfield></datafield><datafield ind1=" " ind2=" " tag="752"><subfield code="a">United States</subfield><subfield code="b">Kansas</subfield><subfield code="c">Graham</subfield><subfield code="d">Fremont.</subfield></datafield></record>